% This file was created with Citavi 5.5.0.1

@book{Baehr.2008,
 author = {Baehr, Hans Dieter and Stephan, Karl},
 year = {2008},
 title = {W{\"a}rme- und Stoff{\"u}bertragung},
 keywords = {f Lehrbuch;Stoff{\"u}bertragung;W{\"a}rme{\"u}bertragung},
 edition = {6},
 publisher = {Springer},
 isbn = {978-3-540-87688-5},
 shorthand = {Baehr et al. 2008},
 location = {Berlin [u.a.]},
 abstract = {},
 pagetotal = {789},
 file = {http://scans.hebis.de/HEBCGI/show.pl?20870240_kap-1.pdf}
}


@book{Hesselbach.2012,
 author = {Hesselbach, Jens},
 year = {2012},
 title = {Energie- und klimaeffiziente Produktion},
 edition = {1. Aufl.},
 publisher = {{Vieweg+Teubner (GWV)}},
 isbn = {978-3-8348-0448-8},
 subtitle = {Grundlagen, Leitlinien und Praxisbeispiele},
 shorthand = {Hesselbach 2012},
 language = {ger},
 location = {Wiesbaden},
 abstract = {In diesem Fachbuch werden Theorie, Praxisbeispiele und Leitlinien zur Klima- und Energieeffizienz als Hilfestellung zur Verdopplung der Energieproduktivit t bis zum Jahr 2020 anschaulich dargestellt. Der Schwerpunkt liegt auf den Beispielen aus verschiedenen Produktions-Branchen. Die Leitlinien erm glichen eine gezielte Vorgehensweise in der Praxis



In diesem Fachbuch werden die theoretischen~Grundlagen, Leitlinien~und Praxisbeispiele zur Klima- und Energieeffizienz anschaulich und verst{\"a}ndlich dargestellt. Das Buch dient somit als Hilfestellung und zuverl{\"a}ssiger Ratgeber zur Verdopplung der Energieproduktivit{\"a}t bis zum Jahr 2020. Der Schwerpunkt liegt auf Beispielen aus verschiedenen Produktions-Branchen. Die Leitlinien erm{\"o}glichen eine gezielte Vorgehensweise in der Praxis.},
 file = {http://ebookcentral.proquest.com/lib/gbv/detail.action?docID=885626},
 file = {http://ebooks.ciando.com/book/index.cfm/bok_id/329368},
 file = {http://external.dandelon.com/download/attachments/dandelon/ids/AT001E6C9CEEF1BB245A7C12579FE0031BDB1.pdf},
 file = {http://gso.gbv.de/DB=2.1/PPNSET?PPN=72001722X},
 file = {http://www.ciando.com/img/books/width167/3834899569_k.jpg},
 file = {http://www.ciando.com/pictures/bib/3834899569bib_t_1.jpg},
 file = {http://www.ciando.com/pictures/bib/3834899569bib_t_1_98235.jpg}
}


@book{Iben.1999,
 author = {Iben, Hans Karl and Schmidt, J{\"u}rgen},
 year = {1999},
 title = {Starthilfe Thermodynamik},
 keywords = {Thermodynamik},
 publisher = {Teubner},
 isbn = {3519002620},
 shorthand = {Iben et al. 1999},
 language = {ger},
 location = {Stuttgart and Leipzig},
 abstract = {},
 file = {http://d-nb.info/955946808}
}


@book{Labuhn.2009,
 author = {Labuhn, Dirk and Romberg, Oliver},
 year = {2009},
 title = {Keine Panik vor Thermodynamik!},
 keywords = {Thermodynamik},
 edition = {4., aktualisierte Aufl.},
 publisher = {{Vieweg + Teubner}},
 isbn = {9783834806451},
 subtitle = {Erfolg und Spa{\ss} im klassischen {\dq}Dickbrettbohrerfach{\dq} des Ingenieurstudiums},
 shorthand = {Labuhn et al. 2009},
 language = {ger},
 location = {Wiesbaden},
 series = {Studium},
 abstract = {},
 file = {http://deposit.d-nb.de/cgi-bin/dokserv?id=3227990&prov=M&dok_var=1&dok_ext=htm},
 file = {http://d-nb.info/992143713},
 file = {http://d-nb.info/992143713/04}
}


@book{Schmidt.1975,
 author = {Schmidt, Ernst and Stephan, Karl and Mayinger, Franz},
 year = {1975},
 title = {Technische Thermodynamik},
 keywords = {Engineering},
 edition = {11. neubearbeiteten Auflage},
 publisher = {Springer},
 isbn = {9783662102657},
 subtitle = {Grundlagen und Anwendungen Band 1 Einstoffsysteme},
 shorthand = {Schmidt et al. 1975},
 language = {ger},
 location = {Berlin and Heidelberg},
 abstract = {},
 file = {10.1007/978-3-662-10264-0},
 file = {http://gso.gbv.de/DB=2.1/PPNSET?PPN=744930383}
}


